<record><leader>00000cas a2200000 a 4500</leader><controlfield tag="001">12366486</controlfield><controlfield tag="008">850809d19061907ksuwr ne      0    0eng d</controlfield><datafield ind1=" " ind2=" " tag="010"><subfield code="a">sn 85030745 </subfield></datafield><datafield ind1=" " ind2=" " tag="040"><subfield code="a">KSH</subfield><subfield code="b">eng</subfield><subfield code="c">KSH</subfield><subfield code="d">NPT</subfield><subfield code="d">OCL</subfield><subfield code="d">OCLCQ</subfield></datafield><datafield ind1=" " ind2=" " tag="042"><subfield code="a">msc</subfield></datafield><datafield ind1="0" ind2="0" tag="245"><subfield code="a">Pretty Prairie record.</subfield></datafield><datafield ind1=" " ind2=" " tag="260"><subfield code="a">Pretty Prairie, Kan. :</subfield><subfield code="b">Chas. E. Graves,</subfield><subfield code="c">1906-1907.</subfield></datafield><datafield ind1=" " ind2=" " tag="300"><subfield code="a">1 v. :</subfield><subfield code="b">ill. ;</subfield><subfield code="c">55 cm.</subfield></datafield><datafield ind1=" " ind2=" " tag="310"><subfield code="a">Weekly</subfield></datafield><datafield ind1="1" ind2=" " tag="362"><subfield code="a">Vol. 1, no. 1 (Feb. 23, 1906)-v. 1, no. 52 (Feb. 15, 1907).</subfield></datafield><datafield ind1=" " ind2=" " tag="752"><subfield code="a">United States</subfield><subfield code="b">Kansas</subfield><subfield code="c">Reno</subfield><subfield code="d">Pretty Prairie.</subfield></datafield><datafield ind1="0" ind2="7" tag="785"><subfield code="t">Hutchinson times (Hutchinson, Kan. : 1906)</subfield><subfield code="w">(DLC)sn 85030677</subfield></datafield><datafield ind1="0" ind2="7" tag="785"><subfield code="t">Hutchinson times and Pretty Prairie record</subfield><subfield code="w">(DLC)sn 85030678</subfield></datafield></record>